<?xml version="1.0" encoding="UTF-8" ?>
<collection xmlns:xsi="http://www.w3.org/2001/XMLSchema-instance"
    xsi:schemaLocation="http://www.loc.gov/MARC21/slim
        http://www.loc.gov/standards/marcxml/schema/MARC21slim.xsd"
    xmlns="http://www.loc.gov/MARC21/slim">
<record>
  <leader>00207cam a2200373 i 4500</leader>
  <controlfield tag="001">b1256574x</controlfield>
  <controlfield tag="003">LeBAU</controlfield>
  <controlfield tag="005">20170920</controlfield>
  <controlfield tag="008">970807s1929    le            ||0 f ara d</controlfield>
  <datafield tag="035" ind1=" " ind2=" ">
    <subfield code="a">ocn784408154</subfield>
  </datafield>
  <datafield tag="040" ind1=" " ind2=" ">
    <subfield code="a">LEAUB</subfield>
    <subfield code="b">ara</subfield>
    <subfield code="e">rda</subfield>
    <subfield code="c">LEAUB</subfield>
    <subfield code="d">LEAUB</subfield>
  </datafield>
  <datafield tag="082" ind1="0" ind2="4">
    <subfield code="a">892.78</subfield>
    <subfield code="2">22</subfield>
  </datafield>
  <datafield tag="100" ind1="1" ind2=" ">
    <subfield code="6">880-01</subfield>
    <subfield code="a">Maqdisī, Anīs al-Khūrī,</subfield>
    <subfield code="e">author.</subfield>
  </datafield>
  <datafield tag="245" ind1="1" ind2="0">
    <subfield code="6">880-02</subfield>
    <subfield code="a">Hājar :</subfield>
    <subfield code="b">riwāyah tamthīlīyah muʼaththirah yuḥallil bi-hā wāḍiʻuha al-ustādh Anīs al-Maqdisī mā dhakarathu al-asfār al-muqaddasah min ḥadīth Sārah zawjat Ibrāhīm al-Khalīl wa-kayfa intahat bi-hā al-ghayrah ilá ṭard jāriyatihā wa-ibnihā Ismā'īl wa-najātihimā al-ʻajībah fī al-ṣaḥrāʼ taḥlīlan khayālīyan yajmaʻu bayna al-tārīkh wa-al-adab al-ḥadīth.</subfield>
  </datafield>
  <datafield tag="264" ind1=" " ind2="1">
    <subfield code="6">880-03</subfield>
    <subfield code="a">[Bayrūt] :</subfield>
    <subfield code="b">[al-Maṭbaʻah al-Adabīyah]،</subfield>
    <subfield code="c">[1929]</subfield>
  </datafield>
  <datafield tag="300" ind1=" " ind2=" ">
    <subfield code="6">880-04</subfield>
    <subfield code="a">65-86 pages ;</subfield>
    <subfield code="c">24 cm</subfield>
  </datafield>
  <datafield tag="336" ind1=" " ind2=" ">
    <subfield code="a">text</subfield>
    <subfield code="b">txt</subfield>
    <subfield code="2">rdacontent</subfield>
  </datafield>
  <datafield tag="337" ind1=" " ind2=" ">
    <subfield code="a">unmediated</subfield>
    <subfield code="b">n</subfield>
    <subfield code="2">rdamedia</subfield>
  </datafield>
  <datafield tag="338" ind1=" " ind2=" ">
    <subfield code="a">volume</subfield>
    <subfield code="b">nc</subfield>
    <subfield code="2">rdacarrier</subfield>
  </datafield>
  <datafield tag="600" ind1="0" ind2="4">
    <subfield code="a">هاجر</subfield>
    <subfield code="v">قصة.</subfield>
  </datafield>
  <datafield tag="600" ind1="0" ind2="0">
    <subfield code="a">Hagar</subfield>
    <subfield code="v">Fiction.</subfield>
  </datafield>
  <datafield tag="655" ind1=" " ind2="4">
    <subfield code="a">رواية.</subfield>
  </datafield>
  <datafield tag="655" ind1=" " ind2="0">
    <subfield code="a">Novels.</subfield>
  </datafield>
  <datafield tag="787" ind1="0" ind2=" ">
    <subfield code="6">880-05</subfield>
    <subfield code="i">has whole-part work relationship with</subfield>
    <subfield code="4">http://rdaregistry.info/Elements/w/P10232:</subfield>
    <subfield code="t">Mawrid al-ṣāfī</subfield>
    <subfield code="d">Bayrūt : al-Maṭba‘ah al-Adabīyah, 1909-[1940]</subfield>
    <subfield code="g">volume 14</subfield>
    <subfield code="w">(OCoLC)792756324</subfield>
    <subfield code="w">(OCoLC)792756324</subfield>
  </datafield>
  <datafield tag="852" ind1=" " ind2=" ">
    <subfield code="a">Jafet Archives and Special Collections</subfield>
    <subfield code="e">American University of Beirut, Bliss Street , Beirut, Lebanon.</subfield>
  </datafield>
  <datafield tag="880" ind1="1" ind2=" ">
    <subfield code="6">100-01/(3/r</subfield>
    <subfield code="a">المقدسي، انيس،</subfield>
    <subfield code="e">مؤلف. </subfield>
    <subfield code="4">aut.</subfield>
  </datafield>
  <datafield tag="880" ind1="1" ind2="0">
    <subfield code="6">245-02/(3/r</subfield>
    <subfield code="a">هاجر :</subfield>
    <subfield code="b">رواية تمثيلية مؤثرة يحلل بها واضعها الأستاذ أنيس المقدسي ما ذكرته الأسفار المقدسة من حديث سارة زوجة إبراهيم الخليل وكيف انتهت بها الغيرة الى طرد جاريتها وابنها إسماعيل ونجاتهما العجيبة في الصحراء تحليلاً خيالياً يجمع بين التاريخ والأدب الحديث.</subfield>
  </datafield>
  <datafield tag="880" ind1=" " ind2="1">
    <subfield code="6">264-03/(3/r</subfield>
    <subfield code="a">[بيروت] :</subfield>
    <subfield code="b">[المطبعة الأدبية]،</subfield>
    <subfield code="c">[1929]</subfield>
  </datafield>
  <datafield tag="880" ind1=" " ind2=" ">
    <subfield code="6">300-04/(3/r</subfield>
    <subfield code="a">65-86 صفحة ؛</subfield>
    <subfield code="c">24 سم</subfield>
  </datafield>
  <datafield tag="880" ind1="0" ind2=" ">
    <subfield code="6">787-05/(3/r</subfield>
    <subfield code="i">علاقة جزء كل مع عمل</subfield>
    <subfield code="4">http://rdaregistry.info/Elements/w/P10232:</subfield>
    <subfield code="t">المورد الصافي</subfield>
    <subfield code="d">بيروت : المطبعة الادبية، 1909-[1940]</subfield>
    <subfield code="g">المجلد 14</subfield>
    <subfield code="w">b13163140</subfield>
    <subfield code="w">(OCoLC)792756324</subfield>
  </datafield>
  <datafield tag="907" ind1=" " ind2=" ">
    <subfield code="a">.b1256574x</subfield>
    <subfield code="b">17-10-02</subfield>
    <subfield code="c">11-05-24</subfield>
  </datafield>
  <datafield tag="907" ind1=" " ind2=" ">
    <subfield code="a">.b1256574x</subfield>
    <subfield code="b">15-10-15</subfield>
    <subfield code="c">11-05-24</subfield>
  </datafield>
  <datafield tag="945" ind1=" " ind2=" ">
    <subfield code="f">CA</subfield>
    <subfield code="a">892.78:M23hA:c.1</subfield>
    <subfield code="i">01037528</subfield>
    <subfield code="j">.i13075184</subfield>
    <subfield code="l">u0304</subfield>
  </datafield>
  <datafield tag="998" ind1=" " ind2=" ">
    <subfield code="a">u03</subfield>
    <subfield code="b">97-08-07</subfield>
    <subfield code="c">m</subfield>
    <subfield code="d">a</subfield>
    <subfield code="e">-</subfield>
    <subfield code="f">ara</subfield>
    <subfield code="g">le </subfield>
    <subfield code="h">0</subfield>
    <subfield code="i">1</subfield>
  </datafield>
</record>
</collection>
